<record><leader>00000cas a22000007a 4500</leader><controlfield tag="001">26295902</controlfield><controlfield tag="008">920731d19901995ncuwx ne      0   a0eng d</controlfield><datafield ind1=" " ind2=" " tag="010"><subfield code="a">sn 92002688 </subfield></datafield><datafield ind1=" " ind2=" " tag="040"><subfield code="a">NSD</subfield><subfield code="b">eng</subfield><subfield code="c">NSD</subfield><subfield code="d">NVJ</subfield><subfield code="d">OCLCQ</subfield></datafield><datafield ind1=" " ind2=" " tag="012"><subfield code="l">1</subfield></datafield><datafield ind1="0" ind2=" " tag="022"><subfield code="a">1064-4830</subfield><subfield code="l">1064-4830</subfield><subfield code="2">1</subfield></datafield><datafield ind1=" " ind2=" " tag="037"><subfield code="b">North Carolina Beacon, POB 14125, Research Triangle Park, NC 27709</subfield></datafield><datafield ind1=" " ind2=" " tag="042"><subfield code="a">nsdp</subfield><subfield code="a">msc</subfield></datafield><datafield ind1=" " ind2="0" tag="222"><subfield code="a">North Carolina beacon</subfield></datafield><datafield ind1="0" ind2="0" tag="245"><subfield code="a">North Carolina beacon.</subfield></datafield><datafield ind1=" " ind2=" " tag="260"><subfield code="a">Research Triangle Park, NC :</subfield><subfield code="b">Knox Publications</subfield></datafield><datafield ind1=" " ind2=" " tag="300"><subfield code="a">v.</subfield></datafield><datafield ind1=" " ind2=" " tag="310"><subfield code="a">Fifty no. a year</subfield></datafield><datafield ind1="1" ind2=" " tag="362"><subfield code="a">Began in 1990; ceased on July 27, 1995.</subfield></datafield><datafield ind1=" " ind2=" " tag="588"><subfield code="a">Description based on: Vol. 2, no. no. 41 (July 2, 1992).</subfield></datafield><datafield ind1=" " ind2=" " tag="752"><subfield code="a">United States</subfield><subfield code="b">North Carolina</subfield><subfield code="d">Research Triangle Park.</subfield></datafield></record>